<record><leader>00000cas a2200000 a 4500</leader><controlfield tag="001">12169778</controlfield><controlfield tag="008">850618d18981899ksuwr ne      0    0eng d</controlfield><datafield ind1=" " ind2=" " tag="010"><subfield code="a">sn 85030611 </subfield></datafield><datafield ind1=" " ind2=" " tag="040"><subfield code="a">KSH</subfield><subfield code="b">eng</subfield><subfield code="c">KSH</subfield><subfield code="d">NPT</subfield><subfield code="d">OCL</subfield><subfield code="d">OCLCQ</subfield></datafield><datafield ind1=" " ind2=" " tag="042"><subfield code="a">msc</subfield></datafield><datafield ind1="0" ind2=" " tag="130"><subfield code="a">Searchlight (Morehead, Kan.)</subfield></datafield><datafield ind1="1" ind2="4" tag="245"><subfield code="a">The searchlight.</subfield></datafield><datafield ind1="1" ind2="3" tag="246"><subfield code="a">Morehead searchlight</subfield><subfield code="f">Oct. 6, 1898-Jan. 5, 1899</subfield></datafield><datafield ind1=" " ind2=" " tag="260"><subfield code="a">Morehead, Kan. :</subfield><subfield code="b">[s.n.],</subfield><subfield code="c">1898-1899.</subfield></datafield><datafield ind1=" " ind2=" " tag="300"><subfield code="a">1 v. ;</subfield><subfield code="c">29-53 cm.</subfield></datafield><datafield ind1=" " ind2=" " tag="310"><subfield code="a">Weekly</subfield></datafield><datafield ind1="0" ind2=" " tag="362"><subfield code="a">Vol. 1, no. 1 (May 18, 1898)-v. 1, no. 37 (Mar. 23, 1899).</subfield></datafield><datafield ind1=" " ind2=" " tag="752"><subfield code="a">United States</subfield><subfield code="b">Kansas</subfield><subfield code="c">Neosho</subfield><subfield code="d">Morehead.</subfield></datafield><datafield ind1="0" ind2="0" tag="785"><subfield code="t">Morehead searchlight</subfield><subfield code="w">(DLC)sn 85030554</subfield></datafield></record>